@article{jain2013commentary,
  title={Commentary: The Materials Project: A materials genome approach to accelerating materials innovation},
  author={Jain, Anubhav and Ong, Shyue Ping and Hautier, Geoffroy and Chen, Wei and Richards, William Davidson and Dacek, Stephen and Cholia, Shreyas and Gunter, Dan and Skinner, David and Ceder, Gerbrand and others},
  journal={Apl Materials},
  volume={1},
  number={1},
  pages={011002},
  year={2013},
  publisher={AIP Publishing}
}

@article{ong2013python,
  title={Python Materials Genomics (pymatgen): A robust, open-source python library for materials analysis},
  author={Ong, Shyue Ping and Richards, William Davidson and Jain, Anubhav and Hautier, Geoffroy and Kocher, Michael and Cholia, Shreyas and Gunter, Dan and Chevrier, Vincent L and Persson, Kristin A and Ceder, Gerbrand},
  journal={Computational Materials Science},
  volume={68},
  pages={314--319},
  year={2013},
  publisher={Elsevier}
}

@article{saal2013materials,
  title={Materials design and discovery with high-throughput density functional theory: the open quantum materials database (OQMD)},
  author={Saal, James E and Kirklin, Scott and Aykol, Muratahan and Meredig, Bryce and Wolverton, Christopher},
  journal={Jom},
  volume={65},
  number={11},
  pages={1501--1509},
  year={2013},
  publisher={Springer}
}

@article{curtarolo2012aflow,
  title={AFLOW: an automatic framework for high-throughput materials discovery},
  author={Curtarolo, Stefano and Setyawan, Wahyu and Hart, Gus LW and Jahnatek, Michal and Chepulskii, Roman V and Taylor, Richard H and Wang, Shidong and Xue, Junkai and Yang, Kesong and Levy, Ohad and others},
  journal={Computational Materials Science},
  volume={58},
  pages={218--226},
  year={2012},
  publisher={Elsevier}
}

@article{bhat2015strategy,
  title={Strategy for Extensible, Evolving Terminology for the Materials Genome Initiative Efforts},
  author={Bhat, Talapady N and Bartolo, Laura M and Kattner, Ursula R and Campbell, Carelyn E and Elliott, John T},
  journal={JOM},
  volume={67},
  number={8},
  pages={1866--1875},
  year={2015},
  publisher={Springer}
}

@article{sawhney2005collaborating,
  title={Collaborating to create: The Internet as a platform for customer engagement in product innovation},
  author={Sawhney, Mohanbir and Verona, Gianmario and Prandelli, Emanuela},
  journal={Journal of interactive marketing},
  volume={19},
  number={4},
  pages={4--17},
  year={2005},
  publisher={Wiley Online Library}
}

@article{boudreau2010open,
  title={Open platform strategies and innovation: Granting access vs. devolving control},
  author={Boudreau, Kevin},
  journal={Management Science},
  volume={56},
  number={10},
  pages={1849--1872},
  year={2010},
  publisher={INFORMS}
}

@article{edwards2009open,
  title={Open access chemical and clinical probes to support drug discovery},
  author={Edwards, Aled M and Bountra, Chas and Kerr, David J and Willson, Timothy M},
  journal={Nature Chemical Biology},
  volume={5},
  number={7},
  pages={436--440},
  year={2009},
  publisher={Nature Publishing Group}
}

@article{bayne2008interdisciplinary,
  title={Interdisciplinary community collaboration: Perspectives of community practitioners on successful strategies},
  author={Bayne-Smith, Marcia and Mizrahi, Terry and Garcia, Martha},
  journal={Journal of Community Practice},
  volume={16},
  number={3},
  pages={249--269},
  year={2008},
  publisher={Taylor \& Francis}
}

@inproceedings{warren2012materials,
  title={Materials Genome Initiative},
  author={Warren, James},
  booktitle={AIP Conference Proceedings},
  year={2012},
  organization={American Institute of Physics, Ste. 1 NO 1 Melville NY 11747-4502 United States}
}

@inproceedings{ward2012materials,
  title={Materials Genome Initiative for Global Competitiveness},
  author={Ward, Charles},
  booktitle={23rd Advanced Aerospace Materials and Processes (AeroMat) Conference and Exposition},
  year={2012},
  organization={Asm}
}

@article{kalidindi2010novel,
  title={A novel framework for building materials knowledge systems},
  author={Kalidindi, Surya R and Niezgoda, Stephen R and Landi, Giacomo and Vachhani, Shraddha and Fast, Tony},
  journal={Computers, Materials, \& Continua},
  volume={17},
  number={2},
  pages={103--125},
  year={2010},
  publisher={Tech Science Press}
}

@article{landi2010multi,
  title={Multi-scale modeling of elastic response of three-dimensional voxel-based microstructure datasets using novel DFT-based knowledge systems},
  author={Landi, Giacomo and Niezgoda, Stephen R and Kalidindi, Surya R},
  journal={Acta Materialia},
  volume={58},
  number={7},
  pages={2716--2725},
  year={2010},
  publisher={Elsevier}
}

@article{fast2011new,
  title={A new framework for computationally efficient structure--structure evolution linkages to facilitate high-fidelity scale bridging in multi-scale materials models},
  author={Fast, Tony and Niezgoda, Stephen R and Kalidindi, Surya R},
  journal={Acta Materialia},
  volume={59},
  number={2},
  pages={699--707},
  year={2011},
  publisher={Elsevier}
}

@article{al2012multi,
  title={Multi-scale modeling of the elastic response of a structural component made from a composite material using the materials knowledge system},
  author={Al-Harbi, Hamad F and Landi, Giacomo and Kalidindi, Surya R},
  journal={Modelling and Simulation in Materials Science and Engineering},
  volume={20},
  number={5},
  pages={055001},
  year={2012},
  publisher={IOP Publishing}
}

@article{arfken1999mathematical,
  title={Mathematical methods for physicists},
  author={Arfken, George B and Weber, Hans J and Spector, Donald},
  journal={American Journal of Physics},
  volume={67},
  number={2},
  pages={165--169},
  year={1999},
  publisher={American Association of Physics Teachers}
}

@article{yabansu2014calibrated,
  title={Calibrated localization relationships for elastic response of polycrystalline aggregates},
  author={Yabansu, Yuksel C and Patel, Dipen K and Kalidindi, Surya R},
  journal={Acta Materialia},
  volume={81},
  pages={151--160},
  year={2014},
  publisher={Elsevier}
}

@article{kroner1977bounds,
  title={Bounds for effective elastic moduli of disordered materials},
  author={Kr{\"o}ner, E},
  journal={Journal of the Mechanics and Physics of Solids},
  volume={25},
  number={2},
  pages={137--155},
  year={1977},
  publisher={Elsevier}
}

@incollection{kroner1986statistical,
  title={Statistical modelling},
  author={Kr{\"o}ner, E},
  booktitle={Modelling small deformations of polycrystals},
  pages={229--291},
  year={1986},
  publisher={Springer}
}

@article{torquato1997effective,
  title={Effective stiffness tensor of composite media—I. Exact series expansions},
  author={Torquato, S},
  journal={Journal of the Mechanics and Physics of Solids},
  volume={45},
  number={9},
  pages={1421--1448},
  year={1997},
  publisher={Elsevier}
}

@book{adams2013microstructure,
  title={Microstructure-sensitive design for performance optimization},
  author={Adams, Brent L and Kalidindi, Surya and Fullwood, David T},
  year={2013},
  publisher={Butterworth-Heinemann}
}

@article{adams1998mesostructure,
  title={The mesostructure—properties linkage in polycrystals},
  author={Adams, Brent L and Olson, T},
  journal={Progress in Materials Science},
  volume={43},
  number={1},
  pages={1--87},
  year={1998},
  publisher={Pergamon}
}

@article{beran1996bounding,
  title={Bounding elastic constants of an orthotropic polycrystal using measurements of the microstructure},
  author={Beran, MJ and Mason, TA and Adams, BL and Olsen, T},
  journal={Journal of the Mechanics and Physics of Solids},
  volume={44},
  number={9},
  pages={1543--1563},
  year={1996},
  publisher={Elsevier}
}

@book{milton2002theory,
  title={The theory of composites},
  author={Milton, Graeme W},
  volume={6},
  year={2002},
  publisher={Cambridge University Press}
}

@article{beran1965statistical,
  title={Statistical continuum theories},
  author={Beran, Mark},
  journal={Transactions of The Society of Rheology (1957-1977)},
  volume={9},
  number={1},
  pages={339--355},
  year={1965},
  publisher={The Society of Rheology}
}

@article{michel1999effective,
  title={Effective properties of composite materials with periodic microstructure: a computational approach},
  author={Michel, JC and Moulinec, H and Suquet, P},
  journal={Computer methods in applied mechanics and engineering},
  volume={172},
  number={1},
  pages={109--143},
  year={1999},
  publisher={Elsevier}
}

@article{moulinec1998numerical,
  title={A numerical method for computing the overall response of nonlinear composites with complex microstructure},
  author={Moulinec, H and Suquet, P},
  journal={Computer methods in applied mechanics and engineering},
  volume={157},
  number={1},
  pages={69--94},
  year={1998},
  publisher={Elsevier}
}

@book{torquato2002random,
  title={Random heterogeneous materials: microstructure and macroscopic properties},
  author={Torquato, Salvatore},
  volume={16},
  year={2002},
  publisher={Springer}
}

@article{lin2000statistical,
  title={Statistical continuum mechanics analysis of an elastic two-isotropic-phase composite material},
  author={Lin, S and Garmestani, H},
  journal={Composites Part B: Engineering},
  volume={31},
  number={1},
  pages={39--46},
  year={2000},
  publisher={Elsevier}
}

@article{garmestani2001statistical,
  title={Statistical continuum theory for large plastic deformation of polycrystalline materials},
  author={Garmestani, H and Lin, S and Adams, BL and Ahzi, S},
  journal={Journal of the Mechanics and Physics of Solids},
  volume={49},
  number={3},
  pages={589--607},
  year={2001},
  publisher={Elsevier}
}

@book{zettl2010sturm,
  title={Sturm-Liouville Theory},
  author={Zettl, Anton},
  volume={121},
  year={2010},
  publisher={American Mathematical Soc.}
}

@book{weidmann1987spectral,
  title={Spectral theory of ordinary differential operators},
  author={Weidmann, Joachim},
  year={1987},
  publisher={Springer}
}


@book{al2007sturm,
  title={Sturm-Liouville theory and its applications},
  author={Al-Gwaiz, Mohammed},
  year={2007},
  publisher={Springer}
}

@article{PhysRevE.72.055701,
  title = {Maximally fast coarsening algorithms},
  author = {Cheng, Mowei and Rutenberg, Andrew D.},
  journal = {Phys. Rev. E},
  volume = {72},
  issue = {5},
  pages = {055701},
  numpages = {4},
  year = {2005},
  month = {Nov},
  publisher = {American Physical Society},
  doi = {10.1103/PhysRevE.72.055701},
  url = {http://link.aps.org/doi/10.1103/PhysRevE.72.055701}
}

@article{redheffer1983completeness,
  title={Completeness and basis properties of complex exponentials},
  author={Redheffer, Raymond M and Young, Robert M},
  journal={Transactions of the American Mathematical Society},
  volume={277},
  number={1},
  pages={93--111},
  year={1983}
}

@book{rainville1960special,
  title={Special functions},
  author={Rainville, Earl David},
  year={1960},
  publisher={New York}
}

@book{arfken2013mathematical,
  title={Mathematical methods for physicists},
  author={Arfken, George B},
  year={2013},
  publisher={Academic press}
}

@article{allison2006integrated,
  title={Integrated computational materials engineering: a new paradigm for the global materials profession},
  author={Allison, John and Backman, Dan and Christodoulou, Leo},
  journal={JOM},
  volume={58},
  number={11},
  pages={25--27},
  year={2006},
  publisher={Springer}
}

@online{MGIwhite,
  author={{National Science and Technology Council Executive Office of the President}},
  title={Materials genome initiative for global competitiveness},
  year={2011},
  url = {http://www.whitehouse.gov/sites/default/files/microsites/ostp/materials\_genome/\_initiative-final.pdf},
  urldate = {2011-06-30}
}

@online{MGI2014,
  author = {{Materials Genome Initiative National Science and Technology Council Committee on Technology Subcommittee on the Materials Genome Initiative}},
  title = {Materials Genome Initiative Strategic Plan},
  year ={2014},
  url = {http://www.whitehouse.gov/sites/default/files/microsites/ostp/NSTC/mgi\_strategic\_plan\_-\_dec\_2014.pdf},
  urldate = {2014-12-30}
}

@article{allison2011integrated,
  title={Integrated computational materials engineering: A perspective on progress and future steps},
  author={Allison, John},
  journal={JOM Journal of the Minerals, Metals and Materials Society},
  volume={63},
  number={4},
  pages={15--18},
  year={2011},
  publisher={Springer}
}

@article{olson2000designing,
  title={Designing a new material world},
  author={Olson, Gregory B},
  journal={Science},
  volume={288},
  number={5468},
  pages={993--998},
  year={2000}
}

@book{national2008integrated,
  title={Integrated computational materials engineering: a transformational discipline for improved competitiveness and national security},
  author={National Research Council (US). Committee on Integrated Computational Materials Engineering},
  year={2008},
  publisher={National Academies Press}
}

@book{schmitz2012integrative,
  title={Integrative computational materials engineering: Concepts and applications of a modular simulation platform},
  author={Schmitz, Georg J and Prahl, Ulrich},
  year={2012},
  publisher={John Wiley \& Sons}
}

@misc{robinson2013tms,
  title={TMS Study charts a course to Successful ICME Implementation},
  author={Robinson, Lynne},
  year={2013},
  publisher={Springer}
}

@article{allisonintegrated,
  title={Integrated Computational Materials Engineering (ICME): A Transformational Discipline for the Global Materials Profession},
  author={Allison, John E},
  journal={Metals and Materials},
  pages={223},
  publisher={Allied Publishers}
}

@online{TMSfieldstudy,
  author={{A Study Organized by The Minerals, Metals \& Materials Society}},
  title={Integrated Computational Materials Engineering (ICME): Implementing ICME in the Aerospace, Automotive, and Maritime Industries},
  year={2013},
  url = http://www.tms.org/icmestudy/,
  urldate={2013-02-28}
}

@article{buehler2004hierarchical,
  title={Hierarchical multi-scale modelling of plasticity of submicron thin metal films},
  author={Buehler, Markus J and Hartmaier, Alexander and Gao, Huajian},
  journal={Modelling And Simulation In Materials Science And Engineering},
  volume={12},
  number={4},
  pages={S391},
  year={2004},
  publisher={IOP Publishing}
}

@article{groh2009multiscale,
  title={Multiscale modeling of the plasticity in an aluminum single crystal},
  author={Groh, S and Marin, EB and Horstemeyer, MF and Zbib, HM},
  journal={International Journal of Plasticity},
  volume={25},
  number={8},
  pages={1456--1473},
  year={2009},
  publisher={Elsevier}
}

@article{luscher2010second,
  title={A second gradient theoretical framework for hierarchical multiscale modeling of materials},
  author={Luscher, Darby J and McDowell, David L and Bronkhorst, Curt A},
  journal={International Journal of Plasticity},
  volume={26},
  number={8},
  pages={1248--1275},
  year={2010},
  publisher={Elsevier}
}

@article{oden1999hierarchical,
  title={Hierarchical modeling of heterogeneous solids},
  author={Oden, J Tinsley and Vemaganti, Kumar and Mo{\"e}s, Nicolas},
  journal={Computer Methods in Applied Mechanics and Engineering},
  volume={172},
  number={1},
  pages={3--25},
  year={1999},
  publisher={Elsevier}
}

@article{mcdowell2010perspective,
  title={A perspective on trends in multiscale plasticity},
  author={McDowell, David L},
  journal={International Journal of Plasticity},
  volume={26},
  number={9},
  pages={1280--1309},
  year={2010},
  publisher={Elsevier}
}

@article{olson1997computational,
  title={Computational design of hierarchically structured materials},
  author={Olson, Gregory B},
  journal={Science},
  volume={277},
  number={5330},
  pages={1237--1242},
  year={1997},
  publisher={American Association for the Advancement of Science}
}

@article{panchal2013key,
  title={Key computational modeling issues in integrated computational materials engineering},
  author={Panchal, Jitesh H and Kalidindi, Surya R and McDowell, David L},
  journal={Computer-Aided Design},
  volume={45},
  number={1},
  pages={4--25},
  year={2013},
  publisher={Elsevier}
}

@article{shenoy2008microstructure,
  title={Microstructure-sensitive modeling of polycrystalline IN 100},
  author={Shenoy, Mahesh and Tjiptowidjojo, Yustianto and McDowell, David},
  journal={International Journal of Plasticity},
  volume={24},
  number={10},
  pages={1694--1730},
  year={2008},
  publisher={Elsevier}
}

@article{suits1957use,
  title={Use of dummy variables in regression equations},
  author={Suits, Daniel B},
  journal={Journal of the American Statistical Association},
  volume={52},
  number={280},
  pages={548--551},
  year={1957},
  publisher={Taylor \& Francis}
}

@article{galton1886regression,
  title={Regression towards mediocrity in hereditary stature.},
  author={Galton, Francis},
  journal={Journal of the Anthropological Institute of Great Britain and Ireland},
  pages={246--263},
  year={1886},
  publisher={JSTOR}
}

@article{cooley1965algorithm,
  title={An algorithm for the machine calculation of complex Fourier series},
  author={Cooley, James W and Tukey, John W},
  journal={Mathematics of computation},
  volume={19},
  number={90},
  pages={297--301},
  year={1965},
  publisher={JSTOR}
}

@book{volterra2005theory,
  title={Theory of functionals and of integral and integro-differential equations},
  author={Volterra, Vito},
  year={2005},
  publisher={Courier Corporation}
}

@article{kalidindi2015data,
  title={Data science and cyberinfrastructure: critical enablers for accelerated development of hierarchical materials},
  author={Kalidindi, Surya R},
  journal={International Materials Reviews},
  volume={60},
  number={3},
  pages={150--168},
  year={2015},
  publisher={Maney Publishing Suite 1C, Joseph's Well, Hanover Walk, Leeds LS3 1AB, UK}
}

@article{bunge1984texture,
  title={Texture development by plastic deformation},
  author={Bunge, HJ and Esling, C},
  journal={Scripta metallurgica},
  volume={18},
  number={3},
  pages={191--195},
  year={1984},
  publisher={Elsevier}
}

@article{shaffer2010building,
  title={Building texture evolution networks for deformation processing of polycrystalline fcc metals using spectral approaches: applications to process design for targeted performance},
  author={Shaffer, Joshua B and Knezevic, Marko and Kalidindi, Surya R},
  journal={International Journal of Plasticity},
  volume={26},
  number={8},
  pages={1183--1194},
  year={2010},
  publisher={Elsevier}
}

@article{knezevic2010deformation,
  title={Deformation twinning in AZ31: influence on strain hardening and texture evolution},
  author={Knezevic, Marko and Levinson, Amanda and Harris, Ryan and Mishra, Raja K and Doherty, Roger D and Kalidindi, Surya R},
  journal={Acta Materialia},
  volume={58},
  number={19},
  pages={6230--6242},
  year={2010},
  publisher={Elsevier}
}

@article{al2010spectral,
  title={Spectral approaches for the fast computation of yield surfaces and first-order plastic property closures for polycrystalline materials with cubic-triclinic textures},
  author={Al-Harbi, Hamad F and Knezevic, Marko and Kalidindi, Surya R},
  journal={Computers, Materials, \& Continua},
  volume={15},
  number={2},
  pages={153--172},
  year={2010},
  publisher={Tech Science Press}
}

@article{kalidindi2006spectral,
  title={Spectral calibration of crystal plasticity models},
  author={Kalidindi, Surya R and Duvvuru, Hari K and Knezevic, Marko},
  journal={Acta Materialia},
  volume={54},
  number={7},
  pages={1795--1804},
  year={2006},
  publisher={Elsevier}
}

@inproceedings{duvvuru2007application,
  title={Application of microstructure sensitive design to FCC polycrystals},
  author={Duvvuru, Hari K and Knezevic, Marko and Mishra, Raja K and Kalidindi, Surya R},
  booktitle={Materials science forum},
  volume={546},
  pages={675--680},
  year={2007},
  organization={Trans Tech Publ}
}

@article{li2003evolution,
  title={Evolution of crystal orientation distribution coefficients during plastic deformation},
  author={Li, DS and Garmestani, H and Schoenfeld, Scott},
  journal={Scripta Materialia},
  volume={49},
  number={9},
  pages={867--872},
  year={2003},
  publisher={Elsevier}
}

@article{li2005texture,
  title={A texture evolution model in cubic-orthotropic polycrystalline system},
  author={Li, DS and Garmestani, H and Adams, BL},
  journal={International journal of plasticity},
  volume={21},
  number={8},
  pages={1591--1617},
  year={2005},
  publisher={Elsevier}
}

@article{li2007processing,
  title={Processing path optimization to achieve desired texture in polycrystalline materials},
  author={Li, DS and Garmestani, H and Ahzi, S},
  journal={Acta materialia},
  volume={55},
  number={2},
  pages={647--654},
  year={2007},
  publisher={Elsevier}
}

@inproceedings{li2005processing,
  title={Processing path model to describe texture evolution during mechanical processing},
  author={Li, Dong Sheng and Bouhattate, J and Garmestani, Hamid},
  booktitle={Materials Science Forum},
  volume={495},
  pages={977--982},
  year={2005},
  organization={Trans Tech Publ}
}

@article{creuziger2014crystallographic,
  title={Crystallographic texture evolution in 1008 steel sheet during multi-axial tensile strain paths},
  author={Creuziger, Adam and Hu, Lin and Gn{\"a}upel-Herold, Thomas and Rollett, Anthony D},
  journal={Integrating Materials and Manufacturing Innovation},
  volume={3},
  number={1},
  pages={1},
  year={2014},
  publisher={Springer}
}

@article{cheng2007controlling,
  title={Controlling the accuracy of unconditionally stable algorithms in the Cahn-Hilliard equation},
  author={Cheng, Mowei and Warren, James A},
  journal={Physical Review E},
  volume={75},
  number={1},
  pages={017702},
  year={2007},
  publisher={APS}
}

@article{samudralaparallel,
  title={Parallel framework for dimensionality reduction of large-scale datasets},
  author={Samudrala, Sai Kiranmayee and Zola, Jaroslaw and Aluru, Srinivas and Ganapathysubramanian, Baskar},
  journal={Scientific Programming},
  publisher={IOS Press}
}

@article{chang2012evaluating,
  title={Evaluating microstructural parameters of three-dimensional grains generated by phase-field simulation or other voxel-based techniques},
  author={Chang, Kunok and Krill III, Carl E and Du, Qiang and Chen, Long-Qing},
  journal={Modelling and Simulation in Materials Science and Engineering},
  volume={20},
  number={7},
  pages={075009},
  year={2012},
  publisher={IOP Publishing}
}

@article{chen2002phase,
  title={Phase-field models for microstructure evolution},
  author={Chen, Long-Qing},
  journal={Annual review of materials research},
  volume={32},
  number={1},
  pages={113--140},
  year={2002},
  publisher={Annual Reviews 4139 El Camino Way, PO Box 10139, Palo Alto, CA 94303-0139, USA}
}

@article{bi1998phase,
  title={Phase-field model of solidification of a binary alloy},
  author={Bi, Zhiqiang and Sekerka, Robert F},
  journal={Physica A: Statistical Mechanics and its Applications},
  volume={261},
  number={1},
  pages={95--106},
  year={1998},
  publisher={Elsevier}
}

@article{haberman2013applied,
  title={Applied partial differential equations with Fourier series and boundary value problems},
  author={Haberman, Richard},
  journal={AMC},
  volume={10},
  pages={12},
  year={2013}
}

@book{stakgold2011green,
  title={Green's functions and boundary value problems},
  author={Stakgold, Ivar and Holst, Michael J},
  volume={99},
  year={2011},
  publisher={John Wiley \& Sons}
}

@book{young1988introduction,
  title={An introduction to Hilbert space},
  author={Young, Nicholas},
  year={1988},
  publisher={Cambridge university press}
}

@book{halmos1957introduction,
  title={Introduction to Hilbert space and the theory of spectral multiplicity},
  author={Halmos, Paul Richard and Halmos, Paul Richard and Halmos, Paul Richard and Halmos, Paul Richard and Mathematician, Hungary},
  year={1957},
  publisher={Chelsea New York}
}

@book{rudin1987real,
  title={Real and complex analysis},
  author={Rudin, Walter},
  year={1987},
  publisher={Tata McGraw-Hill Education}
}

@book{folland1992fourier,
  title={Fourier analysis and its applications},
  author={Folland, Gerald B},
  volume={4},
  year={1992},
  publisher={American Mathematical Soc.}
}

@article{kalidindi2006elastic,
  title={Elastic properties closures using second-order homogenization theories: case studies in composites of two isotropic constituents},
  author={Kalidindi, Surya R and Binci, Massimiliano and Fullwood, David and Adams, Brent L},
  journal={Acta materialia},
  volume={54},
  number={11},
  pages={3117--3126},
  year={2006},
  publisher={Elsevier}
}

@article{pellegrini2001self,
  title={Self-consistent effective-medium approximation for strongly nonlinear media},
  author={Pellegrini, Yves-Patrick},
  journal={Physical Review B},
  volume={64},
  number={13},
  pages={134211},
  year={2001},
  publisher={APS}
}

@article{pellegrini2000self,
  title={Self-consistent effective-medium approximations with path integrals},
  author={Pellegrini, Yves-Patrick and Barth{\'e}l{\'e}my, Marc},
  journal={Physical Review E},
  volume={61},
  number={4},
  pages={3547},
  year={2000},
  publisher={APS}
}

@article{fullwood2008strong,
  title={A strong contrast homogenization formulation for multi-phase anisotropic materials},
  author={Fullwood, David T and Adams, Brent L and Kalidindi, Surya R},
  journal={Journal of the Mechanics and Physics of Solids},
  volume={56},
  number={6},
  pages={2287--2297},
  year={2008},
  publisher={Elsevier}
}

@article{monchiet2012polarization,
  title={A polarization-based FFT iterative scheme for computing the effective properties of elastic composites with arbitrary contrast},
  author={Monchiet, V and Bonnet, G},
  journal={International Journal for Numerical Methods in Engineering},
  volume={89},
  number={11},
  pages={1419--1436},
  year={2012},
  publisher={Wiley Online Library}
}

@article{moulinec2014comparison,
  title={Comparison of three accelerated FFT-based schemes for computing the mechanical response of composite materials},
  author={Moulinec, Herv{\'e} and Silva, Fabrice},
  journal={International Journal for Numerical Methods in Engineering},
  volume={97},
  number={13},
  pages={960--985},
  year={2014},
  publisher={Wiley Online Library}
}

@article{willot2014fourier,
  title={Fourier-based schemes with modified Green operator for computing the electrical response of heterogeneous media with accurate local fields},
  author={Willot, Fran{\c{c}}ois and Abdallah, Bassam and Pellegrini, Yves-Patrick},
  journal={International Journal for Numerical Methods in Engineering},
  volume={98},
  number={7},
  pages={518--533},
  year={2014},
  publisher={Wiley Online Library}
}

@article{monchiet2013numerical,
  title={Numerical homogenization of nonlinear composites with a polarization-based FFT iterative scheme},
  author={Monchiet, Vincent and Bonnet, Guy},
  journal={Computational Materials Science},
  volume={79},
  pages={276--283},
  year={2013},
  publisher={Elsevier}
}

@article{sundararaghavan2008multi,
  title={A multi-length scale sensitivity analysis for the control of texture-dependent properties in deformation processing},
  author={Sundararaghavan, Veera and Zabaras, Nicholas},
  journal={International Journal of Plasticity},
  volume={24},
  number={9},
  pages={1581--1605},
  year={2008},
  publisher={Elsevier}
}

@article{sundararaghavan2007linear,
  title={Linear analysis of texture--property relationships using process-based representations of Rodrigues space},
  author={Sundararaghavan, Veera and Zabaras, Nicholas},
  journal={Acta materialia},
  volume={55},
  number={5},
  pages={1573--1587},
  year={2007},
  publisher={Elsevier}
}

@book{oppenheim1989discrete,
  title={Discrete-time signal processing},
  author={Oppenheim, Alan V and Schafer, Ronald W and Buck, John R and others},
  volume={2},
  year={1989},
  publisher={Prentice-hall Englewood Cliffs}
}

@book{mitra2006digital,
  title={Digital signal processing: a computer-based approach},
  author={Mitra, Sanjit Kumar and Kuo, Yonghong},
  volume={2},
  year={2006},
  publisher={McGraw-Hill New York}
}

  @article{adams2005finite,
  title={Finite approximations to the second-order properties closure in single phase polycrystals},
  author={Adams, Brent L and Gao, Xiang Carl and Kalidindi, Surya R},
  journal={Acta Materialia},
  volume={53},
  number={13},
  pages={3563--3577},
  year={2005},
  publisher={Elsevier}
}

@article{fullwood2007generalized,
  title={Generalized Pareto front methods applied to second-order material property closures},
  author={Fullwood, DT and Adams, BL and Kalidindi, SR},
  journal={Computational Materials Science},
  volume={38},
  number={4},
  pages={788--799},
  year={2007},
  publisher={Elsevier}
}

@article{Wheeler2014,
author = "Daniel Wheeler and David Brough and Tony Fast and Surya Kalidindi and Andrew Reid",
title = "{PyMKS: Materials Knowledge System in Python}",
year = "2014",
month = "05",
url = "http://dx.doi.org/10.6084/m9.figshare.1015761"
}

@article{bracewell1965fourier,
  title={The Fourier Transform and IIS Applications},
  author={Bracewell, Ron},
  journal={New York},
  year={1965}
}

@book{brigham1988fast,
  title={The fast Fourier transform and its applications},
  author={Brigham, E Oran and Brigham, EO},
  volume={1},
  year={1988},
  publisher={Prentice Hall Englewood Cliffs, NJ}
}

@book{cohen2013applied,
  title={Applied multiple regression/correlation analysis for the behavioral sciences},
  author={Cohen, Jacob and Cohen, Patricia and West, Stephen G and Aiken, Leona S},
  year={2013},
  publisher={Routledge}
}

@book{freedman2009statistical,
  title={Statistical models: theory and practice},
  author={Freedman, David A},
  year={2009},
  publisher={cambridge university press}
}

@article{elliott1987numerical,
  title={Numerical studies of the Cahn-Hilliard equation for phase separation},
  author={Elliott, Charles M and French, Donald A},
  journal={IMA Journal of Applied Mathematics},
  volume={38},
  number={2},
  pages={97--128},
  year={1987},
  publisher={IMA}
}

@article{elliott1987numerical,
  title={Numerical studies of the Cahn-Hilliard equation for phase separation},
  author={Elliott, Charles M and French, Donald A},
  journal={IMA Journal of Applied Mathematics},
  volume={38},
  number={2},
  pages={97--128},
  year={1987},
  publisher={IMA}
}

@article{ugurlu2008solutions,
  title={Solutions of the Cahn--Hilliard equation},
  author={Ugurlu, Yavuz and Kaya, Do{\u{g}}an},
  journal={Computers \& Mathematics with Applications},
  volume={56},
  number={12},
  pages={3038--3045},
  year={2008},
  publisher={Elsevier}
}

@article{yabansu2015representation,
  title={Representation and calibration of elastic localization kernels for a broad class of cubic polycrystals},
  author={Yabansu, Yuksel C and Kalidindi, Surya R},
  journal={Acta Materialia},
  volume={94},
  pages={26--35},
  year={2015},
  publisher={Elsevier}
}

@book{TheMineralsMetals&MaterialsSocietyTMS2015,
address = {Warrendale, PA},
author = {{The Minerals Metals \& Materials Society (TMS)}},
doi = {10.7449/multiscale\_1},
isbn = {9780692376065},
pages = {xxiv,93},
publisher = {TMS},
title = {{Modeling Across Scales: A Roadmapping Study for Connecting Materials Models and Simulations Across Length and Time Scales}},
url = {www.tms.org/multiscalestudy},
year = {2015}
}

@article{sekimoto1986evolution,
  title={Evolution of the domain structure during the nucleation-and-growth process with non-conserved order parameter},
  author={Sekimoto, Ken},
  journal={Physica A: Statistical Mechanics and its Applications},
  volume={135},
  number={2},
  pages={328--346},
  year={1986},
  publisher={Elsevier}
}

@article{torquato1985effective,
  title={Effective electrical conductivity of two-phase disordered composite media},
  author={Torquato, S},
  journal={Journal of Applied Physics},
  volume={58},
  number={10},
  pages={3790--3797},
  year={1985},
  publisher={AIP Publishing}
}

@article{brown1955solid,
  title={Solid mixture permittivities},
  author={Brown Jr, William Fuller},
  journal={The Journal of Chemical Physics},
  volume={23},
  number={8},
  pages={1514--1517},
  year={1955},
  publisher={AIP Publishing}
}

@book{voigt1910lehrbuch,
  title={Lehrbuch der kristallphysik:(mit ausschluss der kristalloptik)},
  author={Voigt, Woldemar},
  volume={34},
  year={1910},
  publisher={BG Teubner}
}

@article{reuss1929berechnung,
  title={Berechnung der Flie{\ss}grenze von Mischkristallen auf Grund der Plastizit{\"a}tsbedingung f{\"u}r Einkristalle.},
  author={Reuss, A},
  journal={ZAMM-Journal of Applied Mathematics and Mechanics/Zeitschrift f{\"u}r Angewandte Mathematik und Mechanik},
  volume={9},
  number={1},
  pages={49--58},
  year={1929},
  publisher={Wiley Online Library}
}

@article{hill1965self,
  title={A self-consistent mechanics of composite materials},
  author={Hill, R1},
  journal={Journal of the Mechanics and Physics of Solids},
  volume={13},
  number={4},
  pages={213--222},
  year={1965},
  publisher={Elsevier}
}

@inproceedings{eshelby1957determination,
  title={The determination of the elastic field of an ellipsoidal inclusion, and related problems},
  author={Eshelby, JOHN D},
  booktitle={Proceedings of the Royal Society of London A: Mathematical, Physical and Engineering Sciences},
  volume={241},
  number={1226},
  pages={376--396},
  year={1957},
  organization={The Royal Society}
}

@article{maxwell1873treatise,
  title={A treatise on electricity and magnetism},
  author={Maxwell, James and others},
  year={1873},
  publisher={Oxford at the Clarendon press}
}

@article{hashin1983analysis,
  title={Analysis of composite materials—a survey},
  author={Hashin, Zvi},
  journal={Journal of Applied Mechanics},
  volume={50},
  number={3},
  pages={481--505},
  year={1983},
  publisher={American Society of Mechanical Engineers}
}

@article{hill1963elastic,
  title={Elastic properties of reinforced solids: some theoretical principles},
  author={Hill, R},
  journal={Journal of the Mechanics and Physics of Solids},
  volume={11},
  number={5},
  pages={357--372},
  year={1963},
  publisher={Elsevier}
}

@book{qu2006frontmatter,
  title={Frontmatter},
  author={Qu, Jianmin and Cherkaoui, Mohammed},
  year={2006},
  publisher={Wiley Online Library}
}

@article{castaneda1995effect,
  title={The effect of spatial distribution on the effective behavior of composite materials and cracked media},
  author={Casta{\~n}eda, P Ponte and Willis, JOHN R},
  journal={Journal of the Mechanics and Physics of Solids},
  volume={43},
  number={12},
  pages={1919--1951},
  year={1995},
  publisher={Elsevier}
}

@book{torquato2013random,
  title={Random heterogeneous materials: microstructure and macroscopic properties},
  author={Torquato, Salvatore},
  volume={16},
  year={2013},
  publisher={Springer Science \& Business Media}
}

@article{hashin1961note,
  title={Note on a variational approach to the theory of composite elastic materials},
  author={Hashin, Z and Shtrikman, S},
  journal={Journal of the Franklin Institute},
  volume={271},
  number={4},
  pages={336--341},
  year={1961},
  publisher={Elsevier}
}

@book{bornert2001homogeneisation,
  title={Homog{\'e}n{\'e}isation en m{\'e}canique des mat{\'e}riaux: comportements non lin{\'e}aires et probl{\`e}mes ouverts},
  author={Bornert, Michel and Bretheau, Thierry and Gilormini, Pierre},
  year={2001},
  publisher={Hermes Science Publications}
}

@article{christensen1979solutions,
  title={Solutions for effective shear properties in three phase sphere and cylinder models},
  author={Christensen, RM and Lo, KH},
  journal={Journal of the Mechanics and Physics of Solids},
  volume={27},
  number={4},
  pages={315--330},
  year={1979},
  publisher={Elsevier}
}

@article{herve1993n,
  title={N-layered inclusion-based micromechanical modelling},
  author={Herve, Eveline and Zaoui, Andre},
  journal={International Journal of Engineering Science},
  volume={31},
  number={1},
  pages={1--10},
  year={1993},
  publisher={Elsevier}
}

@techreport{bohm1998short,
  title={A short introduction to basic aspects of continuum micromechanics},
  author={B{\"o}hm, Helmut J},
  year={1998},
  institution={CDLFMD Report, Technical Report 020624, 31998}
}

@book{kroner1972statistical,
  title={Statistical continuum mechanics},
  author={Kr{\"o}ner, Ekkehart},
  year={1972},
  publisher={Springer}
}

@article{etingof1993representations,
  title={Representations of polycrystalline microstructure by n-point correlation tensors},
  author={Etingof, Pavel and Adams, Brent L},
  journal={Texture, Stress, and Microstructure},
  volume={21},
  number={1},
  pages={17--37},
  year={1993},
  publisher={Hindawi Publishing Corporation}
}

@article{li2006quantitative,
  title={Quantitative prediction of effective conductivity in anisotropic heterogeneous media using two-point correlation functions},
  author={Li, DS and Saheli, Ghazal and Khaleel, M and Garmestani, Hamid},
  journal={Computational Materials Science},
  volume={38},
  number={1},
  pages={45--50},
  year={2006},
  publisher={Elsevier}
}

@article{milhans2011prediction,
  title={Prediction of the effective coefficient of thermal expansion of heterogeneous media using two-point correlation functions},
  author={Milhans, Jacqueline and Li, DS and Khaleel, M and Sun, Xin and Garmestani, Hamid},
  journal={Journal of Power Sources},
  volume={196},
  number={8},
  pages={3846--3850},
  year={2011},
  publisher={Elsevier}
}

@article{willis1982properties,
  title={Properties of Composites},
  author={Willis, JR},
  journal={Advances in applied mechanics},
  volume={21},
  pages={1},
  year={1982},
  publisher={Academic press}
}

@article{sevostianov2013generalization,
  title={Generalization of Maxwell homogenization scheme for elastic material containing inhomogeneities of diverse shape},
  author={Sevostianov, Igor and Giraud, Albert},
  journal={International Journal of Engineering Science},
  volume={64},
  pages={23--36},
  year={2013},
  publisher={Elsevier}
}

@article{gupta2015structure,
  title={Structure--property linkages using a data science approach: Application to a non-metallic inclusion/steel composite system},
  author={Gupta, Akash and Cecen, Ahmet and Goyal, Sharad and Singh, Amarendra K and Kalidindi, Surya R},
  journal={Acta Materialia},
  volume={91},
  pages={239--254},
  year={2015},
  publisher={Elsevier}
}

@article{cecen2016versatile,
  title={Versatile algorithms for the computation of 2-point spatial correlations in quantifying material structure},
  author={Cecen, Ahmet and Fast, Tony and Kalidindi, Surya R},
  journal={Integrating Materials and Manufacturing Innovation},
  volume={5},
  number={1},
  pages={1--15},
  year={2016},
  publisher={Springer}
}

@article{niezgoda2013novel,
  title={Novel microstructure quantification framework for databasing, visualization, and analysis of microstructure data},
  author={Niezgoda, Stephen R and Kanjarla, Anand K and Kalidindi, Surya R},
  journal={Integrating Materials and Manufacturing Innovation},
  volume={2},
  number={1},
  pages={1--27},
  year={2013},
  publisher={Springer}
}

@article{kalidindi2011microstructure,
  title={Microstructure informatics using higher-order statistics and efficient data-mining protocols},
  author={Kalidindi, Surya R and Niezgoda, Stephen R and Salem, Ayman A},
  journal={Jom},
  volume={63},
  number={4},
  pages={34--41},
  year={2011},
  publisher={Springer}
}

@article{niezgoda2011understanding,
  title={Understanding and visualizing microstructure and microstructure variance as a stochastic process},
  author={Niezgoda, Stephen R and Yabansu, Yuksel C and Kalidindi, Surya R},
  journal={Acta Materialia},
  volume={59},
  number={16},
  pages={6387--6400},
  year={2011},
  publisher={Elsevier}
}

@article{cceccen2014data,
  title={A data-driven approach to establishing microstructure--property relationships in porous transport layers of polymer electrolyte fuel cells},
  author={{\c{C}}e{\c{c}}en, A and Fast, T and Kumbur, EC and Kalidindi, SR},
  journal={Journal of Power Sources},
  volume={245},
  pages={144--153},
  year={2014},
  publisher={Elsevier}
}

@article{kalidindi2015application,
  title={Application of data science tools to quantify and distinguish between structures and models in molecular dynamics datasets},
  author={Kalidindi, Surya R and Gomberg, Joshua A and Trautt, Zachary T and Becker, Chandler A},
  journal={Nanotechnology},
  volume={26},
  number={34},
  pages={344006},
  year={2015},
  publisher={IOP Publishing}
}

@article{dong2014dependence,
  title={Dependence of mechanical properties on crystal orientation of semi-crystalline polyethylene structures},
  author={Dong, Xin and McDowell, David L and Kalidindi, Surya R and Jacob, Karl I},
  journal={Polymer},
  volume={55},
  number={16},
  pages={4248--4257},
  year={2014},
  publisher={Elsevier}
}

@article{aad2012observation,
  title={Observation of a new particle in the search for the Standard Model Higgs boson with the ATLAS detector at the LHC},
  author={Aad, Georges and Abajyan, T and Abbott, B and Abdallah, J and Khalek, S Abdel and Abdelalim, AA and Abdinov, O and Aben, R and Abi, B and Abolins, M and others},
  journal={Physics Letters B},
  volume={716},
  number={1},
  pages={1--29},
  year={2012},
  publisher={Elsevier}
}

@article{lander2001initial,
  title={Initial sequencing and analysis of the human genome},
  author={Lander, Eric S and Linton, Lauren M and Birren, Bruce and Nusbaum, Chad and Zody, Michael C and Baldwin, Jennifer and Devon, Keri and Dewar, Ken and Doyle, Michael and FitzHugh, William and others},
  journal={Nature},
  volume={409},
  number={6822},
  pages={860--921},
  year={2001},
  publisher={Nature Publishing Group}
}

@inproceedings{cranshaw2011polymath,
  title={The polymath project: lessons from a successful online collaboration in mathematics},
  author={Cranshaw, Justin and Kittur, Aniket},
  booktitle={Proceedings of the SIGCHI Conference on Human Factors in Computing Systems},
  pages={1865--1874},
  year={2011},
  organization={ACM}
}

@article{dickinson2010citizen,
  title={Citizen science as an ecological research tool: challenges and benefits},
  author={Dickinson, Janis L and Zuckerberg, Benjamin and Bonter, David N},
  journal={Annual review of ecology, evolution and systematics},
  volume={41},
  pages={149--72},
  year={2010},
  publisher={JSTOR}
}

@article{hochachka2012data,
  title={Data-intensive science applied to broad-scale citizen science},
  author={Hochachka, Wesley M and Fink, Daniel and Hutchinson, Rebecca A and Sheldon, Daniel and Wong, Weng-Keen and Kelling, Steve},
  journal={Trends in ecology \& evolution},
  volume={27},
  number={2},
  pages={130--137},
  year={2012},
  publisher={Elsevier}
}

@article{anderson2011report,
  title={Report to the President on Ensuring American Leadership in Advanced Manufacturing.},
  author={Anderson, Alan},
  journal={Executive Office of the President},
  year={2011},
  publisher={ERIC}
}

@online{nist2015dspace,
  author = {NIST Materials Measurement Laboratory},
  title = {NIST Repositories DSpace},
  year = 2015,
  url = {https://materialsdata.nist.gov/dspace/xmlui/},
  urldate = {2016-04-01}
}

@online{NISTgateway,
  author = {National Institute of Standards and Technology},
  title = {NIST Data Gateway},
  year = 2001,
  url = {http://srdata.nist.gov/gateway/},
  urldate = {2016-04-01}
}

@online{NISTDCS,
  author = {National Institute of Standards and Technology},
  title = {NIST Data Curation System},
  year = 2014,
  url = {https://mgi.nist.gov/materials-data-curation-system},
  urldate = {2016-04-01}
}

@online{matweb,
  author = {MatWeb, LLC},
  title = {MatWeb - Materials Property Data},
  year = 1996,
  url = {http://www.matweb.com/},
  urldate = {2016-04-01}
}

@online{kim2010project,
  author = {Kim Project},
  title = {OpenKIM - The Knowledgebase of Interatomic Models},
  year = 2010,
  url = {https://openkim.org/},
  urldate = {2016-04-01}
}
@online{prism,
  author = {Prism Project},
  title = {PRedictive Integrated Structural Materials Science (PRISMS)},
  year = 2010,
  url = {http://www.prisms-center.org/\#/home},
  urldate = {2016-04-01}
}

@misc{plimpton2012spparks,
  title={SPPARKS kinetic Monte Carlo simulator},
  author={Plimpton, S and Thompson, A and Slepoy, A},
  year={2012}
}

@article{gaston2009moose,
  title={MOOSE: A parallel computational framework for coupled systems of nonlinear equations},
  author={Gaston, Derek and Newman, Chris and Hansen, Glen and Lebrun-Grandie, Damien},
  journal={Nuclear Engineering and Design},
  volume={239},
  number={10},
  pages={1768--1778},
  year={2009},
  publisher={Elsevier}
}

@article{groeber2014dream,
  title={DREAM. 3D: a digital representation environment for the analysis of microstructure in 3D},
  author={Groeber, Michael A and Jackson, Michael A},
  journal={Integrating Materials and Manufacturing Innovation},
  volume={3},
  number={1},
  pages={1--17},
  year={2014},
  publisher={Springer}
}

@article{atkins2003revolutionizing,
  title={Revolutionizing science and engineering through cyberinfrastructure: Report of the National Science Foundation blue-ribbon advisory panel on cyberinfrastructure},
  author={Atkins, Daniel},
  year={2003}
}

@article{van2011numpy,
  title={The NumPy array: a structure for efficient numerical computation},
  author={Van Der Walt, Stefan and Colbert, S Chris and Varoquaux, Gael},
  journal={Computing in Science \& Engineering},
  volume={13},
  number={2},
  pages={22--30},
  year={2011},
  publisher={AIP Publishing}
}

@article{jones2014scipy,
  title={$\{$SciPy$\}$: open source scientific tools for $\{$Python$\}$},
  author={Jones, Eric and Oliphant, Travis and Peterson, Pearu},
  year={2014}
}

@article{pedregosa2011scikit,
  title={Scikit-learn: Machine learning in Python},
  author={Pedregosa, Fabian and Varoquaux, Ga{\"e}l and Gramfort, Alexandre and Michel, Vincent and Thirion, Bertrand and Grisel, Olivier and Blondel, Mathieu and Prettenhofer, Peter and Weiss, Ron and Dubourg, Vincent and others},
  journal={The Journal of Machine Learning Research},
  volume={12},
  pages={2825--2830},
  year={2011},
  publisher={JMLR. org}
}


@book{littell2006sas,
  title={Sas},
  author={Littell, Ramon C},
  year={2006},
  publisher={Wiley Online Library}
}

@inproceedings{seabold2010statsmodels,
  title={Statsmodels: Econometric and statistical modeling with python},
  author={Seabold, Skipper and Perktold, Josef},
  booktitle={Proceedings of the 9th Python in Science Conference},
  pages={57--61},
  year={2010}
}

@article{albanese2012mlpy,
  title={mlpy: Machine learning Python},
  author={Albanese, Davide and Visintainer, Roberto and Merler, Stefano and Riccadonna, Samantha and Jurman, Giuseppe and Furlanello, Cesare},
  journal={arXiv preprint arXiv:1202.6548},
  year={2012}
}

@article{goodfellow2013pylearn2,
  title={Pylearn2: a machine learning research library},
  author={Goodfellow, Ian J and Warde-Farley, David and Lamblin, Pascal and Dumoulin, Vincent and Mirza, Mehdi and Pascanu, Razvan and Bergstra, James and Bastien, Fr{\'e}d{\'e}ric and Bengio, Yoshua},
  journal={arXiv preprint arXiv:1308.4214},
  year={2013}
}

@book{mckinney2012python,
  title={Python for data analysis: Data wrangling with Pandas, NumPy, and IPython},
  author={McKinney, Wes},
  year={2012},
  publisher={" O'Reilly Media, Inc."}
}

@article{muller2014pystruct,
  title={PyStruct: learning structured prediction in python},
  author={M{\"u}ller, Andreas C and Behnke, Sven},
  journal={The Journal of Machine Learning Research},
  volume={15},
  number={1},
  pages={2055--2060},
  year={2014},
  publisher={JMLR. org}
}

@book{demvsar2004orange,
  title={Orange: From experimental machine learning to interactive data mining},
  author={Dem{\v{s}}ar, Janez and Zupan, Bla{\v{z}} and Leban, Gregor and Curk, Tomaz},
  year={2004},
  publisher={Springer}
}

@article{abadi2016tensorflow,
  title={TensorFlow: Large-Scale Machine Learning on Heterogeneous Distributed Systems},
  author={Abadi, Mart{\i}n and Agarwal, Ashish and Barham, Paul and Brevdo, Eugene and Chen, Zhifeng and Citro, Craig and Corrado, Greg S and Davis, Andy and Dean, Jeffrey and Devin, Matthieu and others},
  journal={arXiv preprint arXiv:1603.04467},
  year={2016}
}

@article{van2014scikit,
  title={scikit-image: image processing in Python},
  author={Van Der Walt, Stefan and Sch{\"o}nberger, Johannes L and Nunez-Iglesias, Juan and Boulogne, Fran{\c{c}}ois and Warner, Joshua D and Yager, Neil and Gouillart, Emmanuelle and Yu, Tony},
  journal={PeerJ},
  volume={2},
  pages={e453},
  year={2014},
  publisher={PeerJ Inc.}
}

@article{cimrman2014sfepy,
  title={SfePy-write your own FE application},
  author={Cimrman, Robert},
  journal={arXiv preprint arXiv:1404.6391},
  year={2014}
}

@inproceedings{frigo1998fftw,
  title={FFTW: An adaptive software architecture for the FFT},
  author={Frigo, Matteo and Johnson, Steven G},
  booktitle={Acoustics, Speech and Signal Processing, 1998. Proceedings of the 1998 IEEE International Conference on},
  volume={3},
  pages={1381--1384},
  year={1998},
  organization={IEEE}
}

@article{hunter2007matplotlib,
  title={Matplotlib: A 2D graphics environment},
  author={Hunter, John D and others},
  journal={Computing in science and engineering},
  volume={9},
  number={3},
  pages={90--95},
  year={2007}
}

@misc{coreMaterials,
  author = {CORE-Materials},
  title = {{CORE-Materials - A resource repository contains a large number of open educational resources (OERs) in Materials Science and Engineering}},
  howpublished = "\url{https://www.flickr.com/people/core-materials/}",
  year = {2009},
  note = "[Online; accessed 6-April-2016]"
}

@book{kalidindi2015hierarchical,
  title={Hierarchical Materials Informatics: Novel Analytics for Materials Data},
  author={Kalidindi, Surya R},
  year={2015},
  publisher={Elsevier}
}

@article{binci2008new,
  title={A new spectral framework for establishing localization relationships for elastic behavior of composites and their calibration to finite-element models},
  author={Binci, Massimiliano and Fullwood, David and Kalidindi, Surya R},
  journal={Acta Materialia},
  volume={56},
  number={10},
  pages={2272--2282},
  year={2008},
  publisher={Elsevier}
}

@misc{MIT,
 title = {The MIT License (MIT)},
 howpublished = {\url{https://opensource.org/licenses/mit-license.php}},
 note = {Accessed: 2016-05-18}
}
% New

@article{qidwai2012estimating,
  title={Estimating the response of polycrystalline materials using sets of weighted statistical volume elements},
  author={Qidwai, Siddiq M and Turner, David M and Niezgoda, Stephen R and Lewis, Alexis C and Geltmacher, Andrew B and Rowenhorst, David J and Kalidindi, Surya R},
  journal={Acta Materialia},
  volume={60},
  number={13},
  pages={5284--5299},
  year={2012},
  publisher={Elsevier}
}

@article{niezgoda2010optimized,
  title={Optimized structure based representative volume element sets reflecting the ensemble-averaged 2-point statistics},
  author={Niezgoda, Stephen R and Turner, David M and Fullwood, David T and Kalidindi, Surya R},
  journal={Acta Materialia},
  volume={58},
  number={13},
  pages={4432--4445},
  year={2010},
  publisher={Elsevier}
}

@article{brough2016microstructure,
  title={Microstructure-based knowledge systems for capturing process-structure evolution linkages},
  author={Brough, David B and Wheeler, Daniel and Warren, James A and Kalidindi, Surya R},
  journal={Current Opinion in Solid State and Materials Science},
  year={2016},
  publisher={Elsevier}
}


@article{perez2011python,
   author = "Pérez, Fernando and Granger, Brian E. and Hunter, John D.",
   title = "Python: An Ecosystem for Scientific Computing",
   journal = "Computing in Science \& Engineering",
   year = "2011",
   volume = "13",
   number = "2",
   pages = "13-21",
   url = "http://scitation.aip.org/content/aip/journal/cise/13/2/10.1109/MCSE.2010.119",
   doi = "http://dx.doi.org/10.1109/MCSE.2010.119"
}

@misc{pytest2016,
   title = {Pytest},
   howpublished = {\url{http://pytest.org}},
   year = {2016}
}

@article{hotelling1933analysis,
  title={Analysis of a complex of statistical variables into principal components.},
  author={Hotelling, Harold},
  journal={Journal of educational psychology},
  volume={24},
  number={6},
  pages={417},
  year={1933},
  publisher={Warwick \& York}
}
